<?xml version="1.0" encoding="UTF-8"?><collection xmlns="http://www.loc.gov/MARC21/slim"><record><leader>00423nam--2200121-i-4500</leader><controlfield tag="001">000035614</controlfield><controlfield tag="002">20161230</controlfield><controlfield tag="005">20161230201040</controlfield><controlfield tag="008">060222s1000------------r-----000-0-eng-d</controlfield><datafield ind1=" " ind2=" " tag="100"><subfield code="a">Murray Artur, Williams Lloyd</subfield></datafield><datafield ind1=" " ind2=" " tag="245"><subfield code="a">Organicc syntheses with isotopes. p.ii. organic compounds labeled withy isotopes of the halogens, hydrogen, nitrogen..</subfield></datafield><datafield ind1=" " ind2=" " tag="260"><subfield code="a">New York, Interscience Publ.Inc., 1958, Ix + 1148-2096p</subfield></datafield><datafield ind1=" " ind2=" " tag="852"><subfield code="a">14023</subfield></datafield></record></collection>